<?xml version="1.0" encoding="UTF-8" ?>
<collection xmlns:xsi="http://www.w3.org/2001/XMLSchema-instance" xsi:schemaLocation="http://www.loc.gov/MARC21/slim http://www.loc.gov/standards/marcxml/schema/MARC21slim.xsd" xmlns="http://www.loc.gov/MARC21/slim">
   <record>
      <leader>     mam a22      a 4500</leader>
      <controlfield tag="001">1932731</controlfield>
      <controlfield tag="003">COO</controlfield>
      <controlfield tag="005">20140820204554.0</controlfield>
      <controlfield tag="008">850911s1953    ua            001 0 ara  </controlfield>
      <datafield tag="035" ind1=" " ind2=" ">
         <subfield code="a">(NIC)notisAJZ6960</subfield>
      </datafield>
      <datafield tag="035" ind1=" " ind2=" ">
         <subfield code="a">(OCoLC)21732074</subfield>
      </datafield>
      <datafield tag="035" ind1=" " ind2=" ">
         <subfield code="a">1932731</subfield>
      </datafield>
      <datafield tag="040" ind1=" " ind2=" ">
         <subfield code="a">NIC</subfield>
         <subfield code="c">NIC</subfield>
         <subfield code="d">NIC</subfield>
      </datafield>
      <datafield tag="100" ind1="1" ind2=" ">
         <subfield code="a">Nasawī, Muḥammad ibn Aḥmad,</subfield>
         <subfield code="d">active 1241.</subfield>
      </datafield>
      <datafield tag="245" ind1="1" ind2="0">
         <subfield code="a">Sīrat al-Sulṭān Jalāl al-Dīn Mankubirtī /</subfield>
         <subfield code="c">li-Muḥammad ibn Aḥmad al-Nasawī ; nashr wa-taḥqīq Ḥāfiẓ Aḥmad Ḥamdī.</subfield>
      </datafield>
      <datafield tag="260" ind1=" " ind2=" ">
         <subfield code="a">al-Qāhirah :</subfield>
         <subfield code="b">Dār al-Fikr al-ʻArabī,</subfield>
         <subfield code="c">1953.</subfield>
      </datafield>
      <datafield tag="300" ind1=" " ind2=" ">
         <subfield code="a">436 p., [2] folded leavesof plates :</subfield>
         <subfield code="b">maps ;</subfield>
         <subfield code="c">24 cm.</subfield>
      </datafield>
      <datafield tag="500" ind1=" " ind2=" ">
         <subfield code="a">Added t.p.: History of Djalāl el-Din Mankobirti shāh of Khwārazm.</subfield>
      </datafield>
      <datafield tag="504" ind1=" " ind2=" ">
         <subfield code="a">Includes bibliographical references.</subfield>
      </datafield>
      <datafield tag="500" ind1=" " ind2=" ">
         <subfield code="a">Includes index.</subfield>
      </datafield>
      <datafield tag="600" ind1="0" ind2="0">
         <subfield code="a">Jalāl al-Dīn,</subfield>
         <subfield code="c">Shah of Khorezm,</subfield>
         <subfield code="d">-1231.</subfield>
      </datafield>
      <datafield tag="651" ind1=" " ind2="0">
         <subfield code="a">Khorezm (Kingdom)</subfield>
         <subfield code="x">History</subfield>
         <subfield code="x">Early works to 1800.</subfield>
      </datafield>
      <datafield tag="700" ind1="1" ind2=" ">
         <subfield code="a">Ḥamdī, Ḥāfiẓ Aḥmad.</subfield>
      </datafield>
      <datafield tag="740" ind1="0" ind2=" ">
         <subfield code="a">History of Djalāl el-Din Mankobirti shāh of Khwārazm.</subfield>
      </datafield>
      <datafield tag="905" ind1=" " ind2=" ">
         <subfield code="a">19940222120000.0</subfield>
      </datafield>
      <datafield tag="903" ind1=" " ind2=" ">
         <subfield code="a">NYUACO</subfield>
         <subfield code="d">20141028</subfield>
         <subfield code="p">31924068913825</subfield>
      </datafield>
      <datafield tag="950" ind1=" " ind2=" ">
         <subfield code="a">DK888.C44</subfield>
         <subfield code="b">N24 1953</subfield>
         <subfield code="v"> </subfield>
      </datafield>
   </record>
</collection>
